<record><leader>00000cas a2200000 a 4500</leader><controlfield tag="001">11219130</controlfield><controlfield tag="008">841002d18811882ksuwr ne      0   a0eng d</controlfield><controlfield tag="009">3789</controlfield><datafield ind1=" " ind2=" " tag="010"><subfield code="a">sn 84029287 </subfield></datafield><datafield ind1=" " ind2=" " tag="040"><subfield code="a">KSH</subfield><subfield code="b">eng</subfield><subfield code="c">KSH</subfield><subfield code="d">NPT</subfield><subfield code="d">OCL</subfield></datafield><datafield ind1=" " ind2=" " tag="042"><subfield code="a">msc</subfield></datafield><datafield ind1="0" ind2="0" tag="245"><subfield code="a">Elk County signal.</subfield></datafield><datafield ind1=" " ind2=" " tag="260"><subfield code="a">Moline, Kan. :</subfield><subfield code="b">Tom C. Copeland,</subfield><subfield code="c">1881-1882.</subfield></datafield><datafield ind1=" " ind2=" " tag="300"><subfield code="a">1 v. ;</subfield><subfield code="c">53 cm.</subfield></datafield><datafield ind1=" " ind2=" " tag="310"><subfield code="a">Weekly</subfield></datafield><datafield ind1="0" ind2=" " tag="362"><subfield code="a">Vol. 2, no. 19 (Aug. 5, 1881)-v. 2, no. 45 (Feb. 3, 1882).</subfield></datafield><datafield ind1=" " ind2=" " tag="752"><subfield code="a">United States</subfield><subfield code="b">Kansas</subfield><subfield code="c">Elk</subfield><subfield code="d">Moline.</subfield></datafield><datafield ind1="0" ind2="0" tag="780"><subfield code="t">Elk Falls signal</subfield><subfield code="w">(DLC)sn 84029286</subfield></datafield><datafield ind1="0" ind2="0" tag="785"><subfield code="t">Cherry Valley torch</subfield><subfield code="w">(DLC)sn 85031354</subfield></datafield></record>